@manual{labhandout,
  author = "Prof. S.T. Pinho",
  title = "Vibration of an aircraft model",
  organization = "Imperial College London",
  type = "Lab",
  year = 2017,
}
